@misc{c:21,
      title={Denoising Diffusion Probabilistic Models},
      author={Jonathan Ho and Ajay Jain and Pieter Abbeel},
      year={2020},
      eprint={2006.11239},
      archivePrefix={arXiv},
}

@misc{c:22,
      title={An Image is Worth One Word: Personalizing Text-to-Image Generation using Textual Inversion},
      author={Rinon Gal and Yuval Alaluf and Yuval Atzmon and Or Patashnik and Amit H. Bermano and Gal Chechik and Daniel Cohen-Or},
      year={2022},
      eprint={2208.01618},
      archivePrefix={arXiv},
}
@misc{c:23,
      title="Photorealistic Text-to-Image Diffusion Models with Deep Language Understanding",
      author={Chitwan Saharia and William Chan and Saurabh Saxena and Lala Li and Jay Whang and Emily Denton and Seyed Kamyar Seyed Ghasemipour and Burcu Karagol Ayan and S. Sara Mahdavi and Rapha Gontijo Lopes and Tim Salimans and Jonathan Ho and David J Fleet and Mohammad Norouzi},
      year={2022},
      eprint={2208.01618},
      archivePrefix={arXiv},
}
